@INPROCEEDINGS{Ortmanns,
  author={Ortmanns, S. and Ney, H. and Eiden, A.},
  booktitle={Proceeding of Fourth International Conference on Spoken Language Processing. ICSLP '96}, 
  title={Language-model look-ahead for large vocabulary speech recognition}, 
  year={1996},
  volume={4},
  number={},
  pages={2095-2098 vol.4},
  doi={10.1109/ICSLP.1996.607215}}

@article{marin2019learning,
  title = {Recipe1M+: A Dataset for Learning Cross-Modal Embeddings for Cooking Recipes and Food Images},
  author = {Marin, Javier and Biswas, Aritro and Ofli, Ferda and Hynes, Nicholas and 
  Salvador, Amaia and Aytar, Yusuf and Weber, Ingmar and Torralba, Antonio},
  journal = {{IEEE} Trans. Pattern Anal. Mach. Intell.},
  year = {2019}
}

@software{speechrecorder,
  author = {{CSTR, The University of Edinburgh}},
  title = {SpeechRecorder},
  url = {https://www.cstr.ed.ac.uk/research/projects/speechrecorder/},
  version = {1.0}
}

@inproceedings{Kominek2004TheCA,
  title={The CMU Arctic speech databases},
  author={John Kominek and Alan W. Black},
  booktitle={Speech Synthesis Workshop},
  year={2004}
}

@book{htk_book,
author = {Young, Steve and Evermann, Gunnar and Gales, M.J.F. and Hain, Thomas and Kershaw, Dan and Moore, Gareth and Odell, James and Ollason, Dave and Povey, Daniel and Valtchev, Valtcho and Woodland, Philip},
year = {2004},
month = {01},
pages = {},
title = {The HTK Book (from version 3.3)}
}

@INPROCEEDINGS{domain_adaptation,
  author={Chu, Min and Li, Chun and Peng, Hu and Chang, Eric},
  booktitle={2002 IEEE International Conference on Acoustics, Speech, and Signal Processing}, 
  title={Domain adaptation for TTS systems}, 
  year={2002},
  volume={1},
  number={},
  pages={I-453-I-456},
  doi={10.1109/ICASSP.2002.5743752}
}

% we are using whisper-large-v2 from open-ai
% https://huggingface.co/openai/whisper-large-v2
@misc{radford2022whisper,
  doi = {10.48550/ARXIV.2212.04356},
  url = {https://arxiv.org/abs/2212.04356},
  author = {Radford, Alec and Kim, Jong Wook and Xu, Tao and Brockman, Greg and McLeavey, Christine and Sutskever, Ilya},
  title = {Robust Speech Recognition via Large-Scale Weak Supervision},
  publisher = {arXiv},
  year = {2022},
  copyright = {arXiv.org perpetual, non-exclusive license}
}

@inproceedings{asr_tts,
  author={Jason Taylor and Korin Richmond},
  title={{Confidence Intervals for ASR-Based TTS Evaluation}},
  year=2021,
  booktitle={Proc. Interspeech 2021},
  pages={2791--2795},
  doi={10.21437/Interspeech.2021-2203}
}

% wilcoxon test
@article{Wilcoxon1945IndividualCB,
  title={Individual Comparisons by Ranking Methods},
  author={Frank. Wilcoxon},
  journal={Biometrics},
  year={1945},
  volume={1},
  pages={196-202}
}

@inproceedings{Black2001OptimalDS,
  title={Optimal data selection for unit selection synthesis},
  author={Alan W. Black and Kevin A. Lenzo},
  booktitle={Speech Synthesis Workshop},
  year={2001}
}

@inproceedings{Clark2004Festival2,
  title={Festival 2 - build your own general purpose unit selection speech synthesiser},
  author={Robert A. J. Clark and Korin Richmond and Simon King},
  booktitle={Speech Synthesis Workshop},
  year={2004}
}

@article{multisyn,
title = "Multisyn: Open-domain unit selection for the Festival speech synthesis system",
keywords = "Speech synthesis, Unit selection",
author = "Clark, {Robert A. J.} and Korin Richmond and Simon King",
year = "2007",
month = apr,
doi = "10.1016/j.specom.2007.01.014",
language = "English",
volume = "49",
pages = "317--330",
journal = "Speech Communication",
issn = "0167-6393",
publisher = "Elsevier",
number = "4",
}

@article{Jouvet2017PerformanceAO,
  title={Performance analysis of several pitch detection algorithms on simulated and real noisy speech data},
  author={Denis Jouvet and Yves Laprie},
  journal={2017 25th European Signal Processing Conference (EUSIPCO)},
  year={2017},
  pages={1614-1618}
}

@article{Medan1991SuperRP,
  title={Super resolution pitch determination of speech signals},
  author={Yoav Medan and Eyal Yair and Daniel Chazan},
  journal={IEEE Trans. Signal Process.},
  year={1991},
  volume={39},
  pages={40-48}
}

@misc{reaper,
  author = {David Talkin},
  title = {REAPER: Robust Epoch And Pitch EstimatoR},
  year = {2013},
  publisher = {GitHub},
  journal = {GitHub repository},
  howpublished = {\url{https://github.com/google/REAPER}},
  commit = {1d6e9b9}
}